% this is the bibliography file

@book{hess,
	author = {Kenneth Hess and Amy Newman},
	publisher = {Prentice Hall},
	edition = {1st},
	title = {Practical Virtualization Solutions: Virtualization from the Trenches},
	year = {2009},
}

@book{osc,
	author = {Silberschatz, Abraham and Galvin, Peter Bayer and Gagne, Greg},
	edition = {7th},
	publisher = {John Wiley and Sons},
	title = {Operating System Concepts},
	year = {2005}
}

@Misc{virt,
	author = "Wikipedia",
	title = "Virtualization --- {W}ikipedia{,} The Free Encyclopedia",
	year = "2011",
	howpublished = "\url{http://en.wikipedia.org/wiki/Virtualization}",
	note = "[Online; accessed 05-July-2011]"
}

@Misc{conf,
	author = "Michael Foord and Nicola Larosa",
	title = "Reading and Writing Config Files",
	year = "2011",
	howpublished = "\url{http://www.voidspace.org.uk/python/configobj.html}",
	note = "[Online; accessed 05-July-2011]"
}

@Misc{guide,
	author = "OpenVZ Wiki",
	title = "User Guide/Operations on Containers - OpenVZ Wiki",
	year = "2011",
	howpublished = "\url{http://wiki.openvz.org/User_Guide/Operations_on_Containers}",
	note = "[Online; accessed 05-July-2011]"
}

@Misc{vzctl,
	author = "Benjamin Poulain",
	title = "Linux Certif - Man vzctl(8)",
	year = "2011",
	howpublished = "\url{http://www.linuxcertif.com/man/8/vzctl/}",
	note = "[Online; accessed 05-July-2011]"
}

@Misc{veth,
	author = "OpenVZ Wiki",
	title = "Virtual Ethernet device - OpenVZ Wiki",
	year = "2011",
	howpublished = "\url{http://wiki.openvz.org/Virtual_Ethernet_device}",
	note = "[Online; accessed 05-July-2011]"
}

@Misc{bridge,
	title = "Bridge Networking On OpenVZ Containers Using VETH Devices",
	year = "2011",
	howpublished = "\url{http://www.linuxweblog.com/blogs/sandip/
20080814/bridge-networking-on-openvz-containers-using-veth-devices}",
	note = "[Online; accessed 05-July-2011]"
}

@Misc{apt,
	title = "apt-get(8) - Linux man page",
	year = "2011",
	howpublished = "\url{http://linux.die.net/man/8/apt-get}",
	note = "[Online; accessed 05-July-2011]"
}

@Misc{yum,
	title = "Guides - yum - Trac",
	year = "2011",
	howpublished = "\url{http://yum.baseurl.org/wiki/Guides}",
	note = "[Online; accessed 05-July-2011]"
}