% this is the bibliography file

@book{osc,
	Author         = {Silberschatz, Abraham and Galvin, Peter Bayer and Gagne, Greg},
	Edition        = {7th},
	Publisher      = {John Wiley and Sons},
	Title          = {{O}perating {S}ystem {C}oncepts},
	Year           = {2005}
}

@book{advanced-server-virt,
	Author         = {Marshall, David and Reynolds, Wade and McCrory, Dave},
	Publisher      = {Auerbach Publications},
	Title          = {{A}dvanced {S}erver {V}irtualization},
	Year           = {2006}
}

@book{practical-virt-solutions,
	Author         = {Hess, Kenneth and Newman, Amy},
	Publisher      = {Prentice Hall PTR},
	Title          = {{P}ractical {V}irtualization {S}olutions - {V}irtualization from the {Trenches}},
	Year           = {2009}
}


@misc{lxc-teegra,
	title = {LXC HOWTO},
	howpublished = {\url{http://lxc.teegra.net/}},
	note = {[Online; accessed 03-July-2011]}
}

@misc{lxc-zen,
	title = {LXC tutorials},
	howpublished = {\url{http://blog.bodhizazen.net/tag/lxc/}},
	note = {[Online; accessed 03-July-2011]}
}

@misc{win-unattended,
	title = {Unattended applications installation on {W}indows},
	howpublished = {\url{http://unattended.sourceforge.net/installers.php}},
	note = {[Online; accessed 03-July-2011]}
}

@misc{vmx-sanbarrow,
	title = {VMX available options},
	howpublished = {\url{http://sanbarrow.com/vmx.html}},
	note = {[Online; accessed 03-July-2011]}
}

@misc{vmrun-man,
	author = {VMware Inc.},
	title = {Using vmrun to Control Virtual Machines},
	howpublished = {\url{http://www.vmware.com/pdf/vix180_vmrun_command.pdf}},
	note = {[Online; accessed 03-July-2011]}
}

@misc{vmgen-ixlabs,
	title = {vmgen wiki},
	howpublished = {\url{http://ixlabs.cs.pub.ro/redmine/projects/vmgen/}},
	note = {[Online; accessed 03-July-2011]}
}

@misc{vmware-history,
	author = {VMware inc.},
	title = {History of virtualization},
	howpublished = {\url{http://www.vmware.com/virtualization/history.html}},
	note = {[Online; accessed 03-July-2011]}
}

@misc{wiki-virt-timeline,
	author = {Wikipedia},
	title = {Timeline of virtualization development},
	howpublished = {\url{http://en.wikipedia.org/wiki/Timeline_of_virtualization_development}},
	note = {[Online; accessed 03-July-2011]}
}
